<record><leader>00000cas a2200000 a 4500</leader><controlfield tag="001">12770368</controlfield><controlfield tag="008">851107d18981979ksudr ne      0    0eng d</controlfield><datafield ind1=" " ind2=" " tag="010"><subfield code="a">sn 85032896 </subfield></datafield><datafield ind1=" " ind2=" " tag="040"><subfield code="a">KSH</subfield><subfield code="b">eng</subfield><subfield code="c">KSH</subfield><subfield code="d">NPT</subfield><subfield code="d">OCL</subfield><subfield code="d">OCLCQ</subfield></datafield><datafield ind1=" " ind2=" " tag="042"><subfield code="a">msc</subfield></datafield><datafield ind1="0" ind2=" " tag="130"><subfield code="a">Neodesha daily sun (Neodesha, Kan. : 1898)</subfield></datafield><datafield ind1="1" ind2="4" tag="245"><subfield code="a">The Neodesha daily sun.</subfield></datafield><datafield ind1="1" ind2="3" tag="246"><subfield code="a">Sun</subfield><subfield code="f">May 1-Oct. 29, 1969; Nov. 17, 1969-July 31, 1970</subfield></datafield><datafield ind1=" " ind2=" " tag="260"><subfield code="a">Neodesha, Kan. :</subfield><subfield code="b">Cowdery Bros.,</subfield><subfield code="c">1898-1979.</subfield></datafield><datafield ind1=" " ind2=" " tag="300"><subfield code="a">2 v. :</subfield><subfield code="b">ill. ;</subfield><subfield code="c">50-58 cm.</subfield></datafield><datafield ind1=" " ind2=" " tag="310"><subfield code="a">Daily (except Sunday)</subfield></datafield><datafield ind1="0" ind2=" " tag="362"><subfield code="a">Vol. 3, no. 108 (Sept. 21, 1898)-v. 5, no. 88 (June 1, 1979).</subfield></datafield><datafield ind1=" " ind2=" " tag="515"><subfield code="a">Numbering is irregular.</subfield></datafield><datafield ind1=" " ind2=" " tag="515"><subfield code="a">Suspended with Oct. 13, 1898 issue; resumed with May 21, 1900 issue; suspended with May 24, 1900 issue; resumed with Nov. 3, 1902 issue.</subfield></datafield><datafield ind1=" " ind2=" " tag="580"><subfield code="a">Issued also in weekly edition called: Wilson County sun, Nov. 3, 1902-Dec. 1, 1905.</subfield></datafield><datafield ind1=" " ind2=" " tag="752"><subfield code="a">United States</subfield><subfield code="b">Kansas</subfield><subfield code="c">Wilson</subfield><subfield code="d">Neodesha.</subfield></datafield><datafield ind1="1" ind2=" " tag="775"><subfield code="t">Wilson County sun</subfield><subfield code="w">(DLC)sn 85032895</subfield></datafield><datafield ind1="0" ind2="0" tag="780"><subfield code="t">Neodesha daily derrick</subfield><subfield code="w">(DLC)sn 85032904</subfield></datafield><datafield ind1="0" ind2="5" tag="780"><subfield code="t">Thayer-Altoona gazette-times</subfield><subfield code="g">Dec. 30, 1971</subfield><subfield code="w">(DLC)sn 85030558</subfield></datafield><datafield ind1="0" ind2="0" tag="785"><subfield code="t">Neodesha sun (Neodesha, Kan. : 1979)</subfield><subfield code="w">(DLC)sn 85032897</subfield></datafield><datafield ind1="1" ind2=" " tag="029"><subfield code="a">AU@</subfield><subfield code="b">000022167639</subfield></datafield></record>